@article{schnepf2018crootbox,
  title={CRootBox: a structural--functional modelling framework for root systems},
  author={Schnepf, A and Leitner, D and Landl, M and Lobet, G and Mai, TH and Morandage, S and Sheng, V and Z{\"o}rner, M and Vanderborght, J and Vereecken, H},
  journal={Annals of botany},
  volume={121},
  number={5},
  pages={1033--1053},
  year={2018},
  publisher={Oxford University Press US}
}

@article{zhou2020cplantbox,
  title={CPlantBox, a whole-plant modelling framework for the simulation of water-and carbon-related processes},
  author={Zhou, XR and Schnepf, A and Vanderborght, J and Leitner, D and Lacointe, A and Vereecken, H and Lobet, G},
  journal={in silico Plants},
  volume={2},
  number={1},
  year={2020},
  publisher={Oxford University Press UK}
}
